1619 2819
309 542 1252 616 PRAEMONENDA.

111 890 494 1049 Nominibus
506 931 776 1011 specierum
800 929 1068 1000 postposita
1090 933 1334 997 litter‚aA
1369 953 1452 989 eas

273 1009 459 1075 species
482 1023 531 1055 ln
559 1009 831 1058 Tom.1vti
866 1009 1156 1076 Appendice
1178 1013 1363 1062 additas
1385 1016 1453 1065 es-

112 1085 195 1145 se,
236 1081 498 1149 fignificat3
538 1085 744 1149 paginae
765 1099 968 1133 numero
995 1086 1198 1136 ῃόὶεᾶο
1232 1115 1301 1123 --
1355 1092 1454 1140 Lit-

117 1173 221 1210 tera
242 1163 286 1209 S.
311 1160 369 1208 iis
391 1175 511 1209 vero
534 1160 698 1208 addita
720 1157 812 1219 est,
855 1175 981 1225 quae
1003 1162 1051 1209 in
1081 1162 1451 1229 Supplemento‚

114 1235 278 1285 adhuc
310 1235 523 1294 inedito,
574 1233 926 1284 describentur.
1010 1237 1349 1301 Agonatorum
1377 1241 1455 1290 so·

110 1311 207 1360 lius
246 1311 433 1359 ordinis
464 1308 599 1358 nulla
631 1311 757 1358 ratio
791 1310 957 1360 habita
992 1313 1092 1372 est,
1144 1316 1330 1382 quippe
1364 1320 1452 1383 qui

112 1382 316 1435 omnino
340 1402 440 1434 non
463 1384 713 1435 absolutus
737 1385 829 1446 est,
866 1399 915 1436 et
936 1389 1205 1437 mutatione
1231 1409 1328 1439 non
1354 1392 1452 1443 levi

111 1463 376 1512 etiamnum
413 1462 613 1525 indiget.
663 1463 708 1521 ²²²)
788 1464 1118 1530 Quamobrem
1160 1464 1261 1514 iola
1294 1485 1453 1517 novo·

109 1552 219 1588 rum
251 1537 397 1586 huius
434 1538 621 1586 ordinis
654 1553 885 1602 generum
922 1541 1119 1588 nomina
1148 1540 1229 1588 hic
1265 1559 1452 1609 propo-

113 1614 275 1663 nenda
297 1612 635 1673 censebamus,
674 1630 736 1662 ne
761 1614 931 1663 iisdem
956 1615 1237 1665 nominibus
1269 1619 1451 1668 Austo-

112 1705 194 1739 res
228 1690 285 1738 ad
318 1686 631 1753 deiignandas
674 1689 789 1738 alias
833 1706 911 1739 res
954 1691 1195 1740 naturales
1238 1708 1453 1748 utantur.

111 1766 195 1818 Ex
227 1765 394 1816 eadem
424 1766 617 1816 ratione
647 1764 973 1833 supplementi
1008 1765 1195 1834 speeies
1234 1770 1453 1837 reliquo-

780 1845 816 1883 A
853 1856 876 1883 2
1143 1874 1146 1877 ·
1338 1862 1450 1898 rum

177 1969 229 2027 *)
260 1975 381 2015 Cuius
412 1974 590 2025 interest,
636 1976 786 2016 ordinis
819 1978 1170 2033 commutationem
1201 1978 1268 2019 diu
1291 1989 1452 2034 exopta·

245 2050 331 2082 tum
354 2043 534 2093 videndi,
569 2045 642 2084 Fr.
665 2047 717 2084 W
729 2044 871 2085 eberi
891 2042 1240 2086 Nomenclatorcm
1259 2049 1448 2087 Entomo-
1442 2042 1454 2049 ⁶

249 2110 426 2163 logicum
458 2112 619 2154 Entom.
638 2109 791 2163 {ystem.
814 2112 972 2166 praefat.
995 2122 1090 2166 etp.
1117 2126 1183 2164 91.
1206 2111 1290 2166 sqq
1321 2115 1447 2156 adeat.

247 2176 496 2217 Clwaraeieres
519 2191 709 2219 novorum
731 2194 917 2235 generum
939 2195 987 2225 ex
1008 2182 1117 2220 omni
1149 2181 1336 2221 methodo
1360 2183 1448 2222 dili-

245 2243 463 2298 gentiffime
493 2245 709 2286 elaboratos
739 2261 827 2288 cum
861 2246 1120 2300 descriptione
1142 2258 1180 2286 et
1203 2248 1358 2288 historia
1380 2264 1449 2289 no·

244 2323 380 2350 varum
410 2310 646 2364 specierum,
692 2316 760 2354 cel.
793 2314 1020 2355 Daldorf
1041 2317 1080 2354 in
1113 2315 1242 2363 India,
1288 2326 1328 2356 ct
1356 2318 1448 2357 dein

250 2377 292 2415 in
324 2379 480 2431 Europa
510 2375 746 2431 elaboravit,
792 2396 935 2434 cosque
964 2382 1160 2434 edendos,
1206 2385 1450 2425 cancrorum

249 2444 500 2484 colleeiorum
523 2449 688 2487 maxima
714 2461 818 2501 parre
847 2448 1013 2500 adiefia,
1040 2451 1176 2502 ⁴amico
1208 2448 1274 2489 suo
1305 2452 1448 2490 Hell-

247 2513 426 2566 wigio,
464 2512 667 2553 Profetsori
691 2515 975 2565 ssrunsvicenfi,
1009 2517 1190 2565 tradidit,
1222 2518 1327 2569 quod
1350 2532 1449 2571 opus

248 2591 427 2633 magnam
450 2577 663 2619 fabularum
688 2583 870 2622 nebulam
893 2582 1093 2632 discutiet,
1130 2597 1206 2635 qua
1237 2587 1342 2626 uuila
1373 2587 1448 2632 alia

248 2642 329 2686 fere
349 2644 405 2687 rei
427 2648 609 2689 naturalis
631 2646 832 2719 diiaeciplina
854 2655 974 2708 magis
996 2648 1114 2695 effuiiz
1134 2650 1198 2692 est.
